

@misc{MATLAB:2014,
  address =       {Natick, Massachusetts},
  author =        {The{~}MathWorks{~}Inc.},
  title =         {MATLAB, version 8.3.0.532 (R2014a)},
  year =          {2014},
}

@book{soderstrom1989system,
  author =        {Soderstrom, T.S. and Stoica, P.G.},
  publisher =     {Prentice Hall},
  series =        {Prentice Hall International Series In Systems And
                   Control Engineering},
  title =         {System Identification},
  year =          {1989},
  isbn =          {9780138812362},
}

